@book{puzzle,
  author         = {Gamow, G., Stern, M.},
  editor         = {},
  publisher      = {Viking, New York},
  title          = {Puzzle-Math},
  year           = {1958}
}

@article{woeginger2010scheduling,
  title={Scheduling (dagstuhl seminar 10071)},
  author={Woeginger, GJ},
  journal={Dagstuhl Research Online Publication Server},
  pages={24},
  year={2010}
}

@inproceedings{li2019fast,
  title={A Fast Exact Algorithm for Airplane Refueling Problem},
  author={Li, Jianshu and Hu, Xiaoyin and Luo, Junjie and Cui, Jinchuan},
  booktitle={International Conference on Combinatorial Optimization and Applications},
  pages={316--327},
  year={2019},
  organization={Springer}
}

@article{vasquez2015airplane,
  title={For the airplane refueling problem local precedence implies global precedence},
  author={V{\'a}squez, Oscar C},
  journal={Optimization Letters},
  volume={9},
  number={4},
  pages={663--675},
  year={2015},
  publisher={Springer}
}
