@article{woeginger2010scheduling,
  title={Scheduling (dagstuhl seminar 10071)},
  author={Woeginger, GJ},
  journal={Dagstuhl Research Online Publication Server},
  pages={24},
  year={2010}
}

@article{vasquez2015airplane,
  title={For the airplane refueling problem local precedence implies global precedence},
  author={V{\'a}squez, Oscar C},
  journal={Optimization Letters},
  volume={9},
  number={4},
  pages={663--675},
  year={2015},
  publisher={Springer}
}

@article{doi:10.1137/0122054,
  author = {Bowman, V. J.},
  title = {Permutation Polyhedra},
  journal = {SIAM Journal on Applied Mathematics},
  volume = {22},
  number = {4},
  pages = {580-589},
  year = {1972},
  doi = {10.1137/0122054},
}

@article{assarf2017computing,
  title={Computing convex hulls and counting integer points with polymake},
  author={Assarf, Benjamin and Gawrilow, Ewgenij and Herr, Katrin and Joswig, Michael and Lorenz, Benjamin and Paffenholz, Andreas and Rehn, Thomas},
  journal={Mathematical Programming Computation},
  volume={9},
  pages={1--38},
  year={2017},
  publisher={Springer}
}


@techreport{BolusaniEtal2024ZR,
  author = {Suresh Bolusani and Mathieu Besan{\c{c}}on and Ksenia Bestuzheva and Antonia Chmiela and Jo{\~{a}}o Dion{\'{i}}sio and Tim Donkiewicz and Jasper van Doornmalen and Leon Eifler and Mohammed Ghannam and Ambros Gleixner and Christoph Graczyk and Katrin Halbig and Ivo Hedtke and Alexander Hoen and Christopher Hojny and Rolf van der Hulst and Dominik Kamp and Thorsten Koch and Kevin Kofler and Jurgen Lentz and Julian Manns and Gioni Mexi and Erik~M\"{u}hmer and Marc E. Pfetsch and Franziska Schl{\"o}sser and Felipe Serrano and Yuji Shinano and Mark Turner and Stefan Vigerske and Dieter Weninger and Lixing Xu},
  title = {{The SCIP Optimization Suite 9.0}},
  type = {ZIB-Report},
  institution = {Zuse Institute Berlin},
  month = {February},
  year = {2024},
  number = {24-02-29},
  url = {https://nbn-resolving.org/urn:nbn:de:0297-zib-95528}
}

@article{diamond2016cvxpy,
  author  = {Steven Diamond and Stephen Boyd},
  title   = {{CVXPY}: {A} {P}ython-embedded modeling language for convex optimization},
  journal = {Journal of Machine Learning Research},
  year    = {2016},
  volume  = {17},
  number  = {83},
  pages   = {1--5},
}

@article{jurkat1967term,
  title={Term ranks and permanents of nonnegative matrices},
  author={Jurkat, Wolfgang B and Ryser, Herbert John},
  journal={Journal of algebra},
  volume={5},
  number={3},
  pages={342--357},
  year={1967},
  publisher={Academic Press}
}

@article{bowman1972permutation,
  title={Permutation polyhedra},
  author={Bowman, V Joseph},
  journal={SIAM Journal on Applied Mathematics},
  volume={22},
  number={4},
  pages={580--589},
  year={1972},
  publisher={SIAM}
}





